@book{
	computervision,
	author = "Л. Шапиро, Дж. Стокман",
	title = "Компьютерное зрение",
	publisher = "БИНОМ. Лаборатория знаний",
	year = 2015
}

@book{
	neronnetwork,
	author = "Горбань А. Н., Россиев Д. А.",
	title = "Нейронные сети на персональном компьтере",
	publisher = "Новосибирск: Наука. Сибирская издательская фмирма РАН",
	year = 1996,
    page = 276
}

@article{comparedeep,
	title={Сранение глубокого обучения с традиционными методами компьютерного зрения в задачах идентификации дефектов}, 
	author={Сеничев А. В., Новикова А. И., Васильев},
	year={2020},
	journal = {Молодой Исследователь Дона},
	language = {russian}
}

@article{neronnetwork3,
	title={Нейронная сеть - компонента рейтингового контроля качества образования}, 
	author={Фаткуллин Н. Ю., Шамшович В. Ф.},
	year={2008},
	journal = {Южно-Уральский государственный университет},
	language = {russian}
}

@article{neronnetwork4,
	title={Нейронные сети}, 
	author={Левченко К.М., Сыч А.А.},
	year={2022},
	journal = {Научная конференция учащихся колледжа : материалы 58-й научной конференции (2022)},
	language = {russian}
}

@article{neronnetwork5,
	title={Применение нейронных сетей для генерации сценариев тестирования программного продукта}, 
	author={Данилов А.Д., Мугатина В.М.},
	year={2020},
	journal = {НАУКОСФЕРА. Учредители: ООО "Смоленский социологический центр" eISSN: 2542-0402},
	language = {russian}
}

@article{neronnetwork7,
	title={Нейрокомпьютинг и его применения в экономике и бизнесе}, 
	author={Ежов А. А., Шумский С.А.},
	year={1998},
	journal = {Вестник Сибирского института бизнеса и информационных технологий},
	language = {russian},
    location = {Moscow, Russia}
}

@article{neronnetwork8,
	title={Особенности нейросетевых решений, достоинства и недостатки, перспективы применения}, 
	author={Белоглазов Д.А.},
	year={2008},
	journal = {Известия Южного федерального университета. Технические науки},
	language = {russian}
}

@article{neronnetwork9,
	title={Классификация нейросетевых архитектур}, 
	author={Чижков А.В., Сеитова С.В.},
	year={2009},
	journal = {Известия Южного федерального университета. Технические науки},
	language = {russian}
}

@article{neronnetwork10,
	title={Convolutional neural networks: an overview and application in radiology}, 
	author={Yamashita R.},
	year={2018},
	journal = {Insights Imaging 9},
	language = {english},
    page = {611--629}
}

@article{neronnetwork11,
	title={Сверточные нейронные сети}, 
	author={Романов А. А.},
	year={2019},
	journal = {Вестник совренных исследований. Учредители: Индивидуальный предприниматель Соловьёв Вадим Анатольевич eISSN: 2541-8300},
	language = {russian}
}

@article{neronnetwork12,
	title={Применение сверточных нейронных сетей для распознавания динамического изображения}, 
	author={Карачанская Е. В., Бочкарева Ю. С.},
	year={2019},
	journal = {Евразийское научное объединение. Учредители: Орлов Максим Юрьевич ISSN: 2411-1899},
	language = {russian}
}

@article{neronnetwork13,
	title={Современные сверточные нейронные сети для обнаружения и распознавания обЪектов}, 
	author={Ерохин Д. Ю., Ершов М. Д.},
	year={2018},
	journal = {Цифровая обработка сигналов},
	language = {russian}
}

@article{neronnetwork14,
	title={Новый вид нейронной сети для распознавания изображений - капсульная нейронная сеть}, 
	author={Зубричев Н. В.},
	year={2017},
	journal = {Современные технологии: Актуальные вопросы, достижения и инновации},
	language = {russian}
}

@article{neronnetwork1013,
	title={Receptive fields and functional architecture of monkey striate cortex}, 
	author={Hubel D. H., Wiesel T. N.},
	year={1968},
	journal = {The Journal of Physiology},
	language = {english}
}

@article{neronnetwork1014,
	title={Neocognitron: A self-organizing neural network model for a mechanism of pattern recognition unaffected by shift in position}, 
	author={Fukushima K.},
	year={1980},
	journal = {Biol. Cybernetics 36},
    page = {193--202},
	language = {english}
}

@article{neronnetwork113,
	title={Backpropagation applied to handwritten zip code recognition}, 
	author={LeCun Y.},
	year={1989},
	journal = {Neural Computation},
    page = {541--551},
	language = {english}
}